@Article{Wickham2014,
  author = {Hadey Wickham},
  issue = {10},
  journal = {The Journal of Statistical Software},
  selected = {TRUE},
  title = {Tidy data},
  url = {http://www.jstatsoft.org/v59/i10/},
  volume = {59},
  year = {2014},
  bdsk-url-1 = {http://www.jstatsoft.org/v59/i10/}
},


@book{Xie2016,
	title = {bookdown: {Authoring} {Books} and {Technical} {Documents} with {R} {Markdown}},
	isbn = {9781138700109 - CAT\# K32139},
	shorttitle = {bookdown},
	publisher = {Chapman and Hall/CRC},
	author = {Xie, Yihui},
	month = dec,
	year = {2016}
},

@book{Wilkinson2005,
	title = {The {Grammar} of {Graphics} },
	author = {Wilkinson, Leland},  
	year = {2005}
},

@book{Matloff2011,
	title ={The {Art} of {R} {Programming} },
	author = {Matloff, Norman},  
	year = {2011}
}


